
@misc{SBM,
  howpublished = "\url{https://en.wikipedia.org/wiki/Stochastic_block_model}", 
}



