
@article{SBM,
  title = {Stochastic blockmodels and community structure in networks},
  author = {Karrer, Brian and Newman, M. E. J.},
  journal = {Phys. Rev. E},
  volume = {83},
  issue = {1},
  pages = {016107},
  numpages = {10},
  year = {2011},
  month = {Jan},
  publisher = {American Physical Society},
  doi = {10.1103/PhysRevE.83.016107},
  url = {http://link.aps.org/doi/10.1103/PhysRevE.83.016107}
}

@article{SBM_CorePeriphery,
  title = {Identification of core-periphery structure in networks},
  author = {Zhang, Xiao and Martin, Travis and Newman, M. E. J.},
  journal = {Phys. Rev. E},
  volume = {91},
  issue = {3},
  pages = {032803},
  numpages = {10},
  year = {2015},
  month = {Mar},
  publisher = {American Physical Society},
  doi = {10.1103/PhysRevE.91.032803},
  url = {http://link.aps.org/doi/10.1103/PhysRevE.91.032803}
}

@article{DynamicalSBM,
  author    = {Kevin S. Xu and
               Alfred O. Hero III},
  title     = {Dynamic stochastic blockmodels: Statistical models for time-evolving
               networks},
  journal   = {CoRR},
  volume    = {abs/1304.5974},
  year      = {2013},
  url       = {http://arxiv.org/abs/1304.5974},
  timestamp = {Thu, 02 May 2013 15:54:12 +0200},
  biburl    = {http://dblp.uni-trier.de/rec/bib/journals/corr/abs-1304-5974},
  bibsource = {dblp computer science bibliography, http://dblp.org}
}

@inproceedings{SBTM,
  author    = {Kevin Xu},
  title     = {Stochastic Block Transition Models for Dynamic Networks},
  booktitle = {Proceedings of the Eighteenth International Conference on Artificial
               Intelligence and Statistics, {AISTATS} 2015, San Diego, California,
               USA, May 9-12, 2015},
  year      = {2015},
  url       = {http://jmlr.org/proceedings/papers/v38/xu15.html},
  timestamp = {Thu, 07 May 2015 20:10:44 +0200},
  biburl    = {http://dblp2.uni-trier.de/rec/bib/conf/aistats/Xu15},
  bibsource = {dblp computer science bibliography, http://dblp.org}
}

